@article{lefschetz1921,
  author = {Lefschetz, Solomon},
  title = {On Certain Numerical Invariants of Algebraic Varieties},
  journal = {Annals of Mathematics},
  volume = {22},
  year = {1921},
  pages = {327--344}
}
@article{grothendieck1969,
  author = {Grothendieck, Alexander},
  title = {Hodge's General Conjecture is False for Trivial Reasons},
  journal = {Topology},
  volume = {8},
  year = {1969},
  pages = {299--303}
}
@article{deligne1971,
  author = {Deligne, Pierre},
  title = {Hodge Cycles on Abelian Varieties},
  journal = {Inventiones Mathematicae},
  volume = {13},
  year = {1971},
  pages = {1--26}
}
@article{clemens1983,
  author = {Clemens, Herbert},
  title = {Homological Equivalence, Modulo Algebraic Equivalence, is Not Finitely Generated},
  journal = {Publications Mathématiques de l'IHÉS},
  volume = {58},
  year = {1983},
  pages = {19--38}
}
@book{voisin2002,
  author = {Voisin, Claire},
  title = {Hodge Theory and Complex Algebraic Geometry I},
  publisher = {Cambridge University Press},
  year = {2002}
}
@article{kollar1992,
  author = {Kollár, János},
  title = {Trento Examples},
  journal = {Astérisque},
  volume = {218},
  year = {1992},
  pages = {135--150}
}
@book{fulton1984,
  author = {Fulton, William},
  title = {Intersection Theory},
  publisher = {Springer-Verlag},
  address = {Berlin},
  year = {1984},
  doi = {10.1007/978-3-662-02421-8}
}
@article{griffiths1969,
  author = {Griffiths, Philip A.},
  title = {On the Periods of Certain Rational Integrals: I, II},
  journal = {Annals of Mathematics},
  volume = {90},
  number = {3},
  year = {1969},
  pages = {460--495, 496--541},
  doi = {10.2307/1970746}
}
@article{beauville1983,
  author = {Beauville, Arnaud},
  title = {Some Remarks on the K3 Surface},
  journal = {Journal de l’École Polytechnique},
  volume = {1},
  year = {1983},
  pages = {1--35},
  doi = {10.5802/jep.1}
}
@article{voevodsky2000,
  author = {Voevodsky, Vladimir},
  title = {Triangulated Categories of Motives over a Field},
  journal = {Cycles, Transfers, and Motivic Homology Theories},
  pages = {188--238},
  publisher = {Princeton University Press},
  year = {2000},
  doi = {10.1515/9781400837120}
}
@article{faltings1983,
  author = {Faltings, Gerd},
  title = {Endlichkeitssätze für Abelsche Varietäten über Zahlkörpern},
  journal = {Inventiones Mathematicae},
  volume = {73},
  number = {3},
  year = {1983},
  pages = {349--366},
  doi = {10.1007/BF01388432}
}
@article{hironaka1964,
  author = {Hironaka, Heisuke},
  title = {Resolution of Singularities of an Algebraic Variety over a Field of Characteristic Zero: I, II},
  journal = {Annals of Mathematics},
  volume = {79},
  number = {1},
  year = {1964},
  pages = {109--203, 205--326},
  doi = {10.2307/1970486}
}
